
@Book{RH02,
     author=   {José Carlos Ramalho and Pedro Rangel  Henriques},
     title =   {XML \& XSL: da teoria à prática},
     publisher =   {Editora FCA},
     series =   {Série Tecnologias de Informação ISBN-972-722-347-8},
     edition=  {1st Ed.},
     month =   {Oct},
     year  =   {2002}
}

@Incollection{RRH02,
     author = {Fátima Rodrigues and Carlos Ramos and Pedro Rangel Henriques},
     title = {Data Reduction to Improve Knowledge Extraction},
     booktitle = {Enterprise Information Systems III},
     editor = {J.Filipe and B.Sharp and Miranda},
     publisher = {Kluwer Academic Publishers},
     pages = {137-145},
     year = 2002
}

@Incollection{ORH06,
     author = {Paulo Oliveira and Fátima Rodrigues and Pedro Rangel Henriques},
     title = {Data Cleaning by Reusing Domain Knowledge},
     booktitle = {Knowledge and Decision Technologies},
     editor = {},
     publisher = {ISBN: 972-8688-39-3},
     pages = {67-74},
     year = 2006
}

%----------------------------------------------------------------------------------------------

@Article{KMHVZ04,
  author = {Tomaz Kosar and Marjan Mernik and Pedro Henriques and Maria João Varanda and Viljem Zumer},
  title = {Grammatical Approach to Problem Solving},
  journal = {Informatica Journal},
  volume = {28},
  pages = {393-404},
  year = {2004}
}

@Article{HVMLGW05,
  author = {Pedro Henriques and Maria João Varanda and Marjan Mernik and Mitja Lenic and Jeff Gray and Hui Wu},
  title =  {Automatic Generation of Language-based Tools using LISA System},
  journal ={IEE Software Journal},
  year = {2005},
  month = {April},
  volume = {152},
  number = {2},
  pages = {54-70}
}

@Article{RMHV06,
  author = {Damijan Rebernak and Marjan Mernik and Pedro Rangel Henriques and Maria João Varanda},
  title = {AspectLISA: an aspect-oriented compiler construction system based on attribute grammars},
  journal = {Electronic Notes in Theoretical Computer Science (ENTCS)},
  editor = {J. Boyland and A. Sloane},
  publisher = {Elsevier},
  year = {2006},
  month = {Oct},
  volume = {164},
  number = {2},
  pages = {37-53}
}

@Article{RMHCV06,
  author = {Damijan Rebernak and Marjan Mernik and Pedro Rangel Henriques and Daniela da Cruz and Maria João Varanda},
  title = {Specifying Languages using aspect-oriented approach: AspectLISA},
  journal = {CIT -- Journal of Computing and Information Technology},
  editor = {},
  publisher = {},
  year = {2006},
  month = {Dec},
  volume = {14},
  number = {4},
  pages = {343-350}
}

@Article{GDH06,
        author = "Gançarski, Alda and Doucet, Anne and Henriques, Pedro",
        title = "{AG-based interactive system to retrieve information from XML documents}",
        journal = "{IEE Software Journal}",
        year = 2006,
        month = {Apr},
        volume = {153},
        pages = "51-60"
}

@Article{BH98,
  author = {Leonor Barroca and Pedro Rangel Henriques},
  title = {A Framework and Patterns for the   Specification of Reactive Systems},
  journal = {IST: Information and Software Technology},
  editor = {},
  publisher = {Elsevier},
  year = {1998},
  month = {},
  volume = {},
  number = {40},
  pages = {135-142}
}

@Article{RAH98,
  author = {José Carlos Ramalho and José João Almeida and Pedro Rangel Henriques},
  title = {Algebraic Specification of Documents},
  journal = {TSC: Theoretical Computer Science},
  editor = {},
  publisher = {Elsevier},
  year = {1998},
  month = {Jun},
  volume = {199},
  number = {},
  pages = {}
}

@Article{RARH98,
  author = {José Carlos Ramalho and José João Almeida and Jorge Gustavo Rocha and Pedro Rangel Henriques},
  title = {SGML Documents: Where does quality go?},
  journal = {Mark-up Languages: theory and practice},
  editor = {},
  publisher = {MIT Press},
  year = {1998},
  month = {Nov},
  volume = {1},
  number = {1},
  pages = {}
}

@Article{GRH06,
  author = {Giovani Librelotto and José Carlos Ramalho  and Pedro Rangel Henriques},
  title = {Metamorphosis - A Topic Maps Based Environment to Handle Heterogeneous Information Resources},
  journal = {Lecture Notes in Computer Science (LNCS)},
  editor = {},
  publisher = {Springer-Verlag GmbH},
  year = {2006},
  month = {},
  volume = {3873},
  number = {},
  pages = {14-25}
}

@Article{JGRH04,
  author = {Marta Jacinto and Giovani Librelotto and José Carlos Ramalho  and Pedro Rangel Henriques},
  title = {XCSL Tutorial},
  journal = {Acm Crossroads},
  editor = {},
  publisher = {ACM Press},
  year = {2004},
  month = {},
  volume = {8},
  number = {5},
  pages = {5}
}

@Article{JGRH03,
  author = {Marta Jacinto and Giovani Librelotto and José Carlos Ramalho  and Pedro Rangel Henriques},
  title = {XCSL: XML Constraint Specification Language},
  journal = {CLEI Eletronic Journal},
  editor = {},
  publisher = {ACM Press},
  year = {2003},
  month = {},
  volume = {6},
  number = {},
  pages = {3}
}

@Article{GRH04,
  author = {Giovani Librelotto and José Carlos Ramalho  and Pedro Rangel Henriques},
  title = {TM-Builder: An Ontology Builder based on XML Topic Maps},
  journal = {CLEI Eletronic Journal},
  editor = {},
  publisher = {ACM Press},
  year = {2004},
  month = {},
  volume = {7},
  number = {2},
  pages = {4}
}

@Article{GRH05a,
  author = {Giovani Librelotto and José Carlos Ramalho  and Pedro Rangel Henriques},
  title = {Geração automática de interfaces Web para Sistemas de Informação: Metamorphosis},
  journal = {Sistemas de Informação},
  editor = {},
  publisher = {APSI: Associação Portuguesa de Sistemas de Informação},
  year = {2005},
  month = {},
  volume = {17},
  number = {},
  pages = {53-72}
}

@Article{RH98a,
  author = {José Carlos Ramalho  and Pedro Rangel Henriques},
  title = {Qualidade na Publicação Electrónica: como controlá-la?},
  journal = {Sistemas de Informação},
  editor = {},
  publisher = {APSI: Associação Portuguesa de Sistemas de Informação},
  year = {1998},
  month = {},
  volume = {9},
  number = {},
  pages = {69-83}
}

@Article{MSH05,
  author = {Giovana Mendes and Nuno Alberto Silva  and Pedro Rangel Henriques},
  title = {Utilizando uma Base de Dados XML Nativa aplicada ao tratamento de erros num sistema de logs},
  journal = {Sistemas de Informação},
  editor = {},
  publisher = {APSI: Associação Portuguesa de Sistemas de Informação},
  year = {2005},
  month = {},
  volume = {17},
  number = {},
  pages = {91-100}
}

@Article{ALHF02,
  author = {Gustavo Arnold and Giovani Librelotto  and Pedro Rangel Henriques and Jaime Fonseca},
  title = {O Uso da Linguagem RS em Robótica},
  journal = {Revista Electrónica e Telecomunicações},
  editor = {},
  publisher = {Departamento de Electrónica e Telecomunicações da Universidade de Aveiro},
  year = {2002},
  month = {Apr},
  volume = {},
  number = {},
  pages = {501-508}
}

%----------------------------------------------------------------------------------------------

@InProceedings{HKMVZ03,
  author =    {Pedro Henriques and Tomaz Kosar and Marjan Mernik and Maria João Varanda and Viljem Zumer},
  title =     {Grammatical Approach to Problem Solving},
  booktitle = {ITI'03 - 25th International Conference on Information Technology Interfaces, Croacia},
  publisher = {IEEE},
  year =     {2003},
  month =     {June}
}

@InProceedings{VH01,
  author =    {M. J. Varanda and Pedro Rangel Henriques},
  title =     {Visualization / Animation of Programs based on Abstract Representations and Formal Mappings},
  booktitle = {HCC'01 - 2001 IEEE Symposia on Human-Centric Computing Languages and Environments},
  publisher = {IEEE},
  year =     {2001},
  month =     {September}
  }


@InProceedings{VH02,
  author =     {P. Henriques and M. J. Varanda and M. Mernik and M. Lenic},
  title =     {Automatic Generation of Language-based Tools},
  booktitle =  {LDTA - Workshop on Language, Descriptions, Tools and Applications (ETAPS'02)},
  year =     {2002},
  month =     {April}
  }

@InProceedings{VH03,
  author =    {M. J. Varanda and P. Henriques},
  title =     {Visualization / Animation of Programs in Alma: obtaining different results},
  booktitle = {VMSE2003 - Symposium on Visual and Multimedia Software Engineering (HCC'03), New Zealand},
  publisher =    {IEEE},
  year =     {2003},
  editor =     {},
  month =     {October}
}

@InProceedings{RMHV06b,
  author = {Damijan Rebernak and Marjan Mernik and Pedro Rangel Henriques and Maria João Varanda Pereira},
  title = {AspectLISA: an aspect-oriented compiler construction system based on attribute grammars},
  booktitle = { LDTA'06, Workshop on Language Descriptions, Tools and Applications integrado no ETAPS'06 - European Joint Conferences on Theory and Practice of Software},
  editor    = {},
  pages     = {},
  year      = 2006,
  month =     {Mar}
}

@InProceedings{RMHVC06,
  author =    {Damijan Rebernak and Marjan Mernik and Pedro Rangel Henriques and Maria João Varanda Pereira and Daniela Cruz},
  title =     { Specifying Languages using Aspect-oriented Approach: AspectLISA},
  booktitle = {ITI'06 - 28th International Conference on Information Technology Interfaces, Croacia},
  publisher = {IEEE},
  pages     = {},
  year =     {2006},
  month =     {June}
}

@InProceedings{BHVU07d,
  author =    {Mario Berón and Pedro Rangel Henriques and M. João Varanda  and Roberto Uzal},
  title =     {PICS una Herramienta para la Comprensión e Inspección de Programas},
  booktitle = {CACIC'07 - XIII Argentine Congress on Computer Science},
  publisher = {Corrientes, Argentina},
  year =     {2007},
  editor =     {},
  month =     {Aug}
}

@InProceedings{BHVU07c,
  author =    {Mario Berón and Pedro Rangel Henriques and M. João Varanda  and Roberto Uzal},
  title =     {Program Inspection to Incerconnect Behavioral and Operational View for Program Comprehension},
  booktitle = {York Doctoral Symposium, 2007},
  publisher = {University of York, UK},
  year =     {2007},
  editor =     {},
  month =     {Oct}
}

@InProceedings{BHVU07b,
  author =    {Mario Berón and Pedro Rangel Henriques and M. João Varanda  and Roberto Uzal},
  title =     {Comprensión de Programas por Inspección Visual y Animación},
  booktitle = {IX Workshop de Investigadores en Ciencias de la Computación (WICC 2007), Argentina},
  year =     {2007},
  editor =     {},
  month =     {}
}

@InProceedings{BHVU07a,
  author =    {Mario Berón and Pedro Rangel Henriques and M. João Varanda  and Roberto Uzal},
  title =     {Static and Dynamic Strategies to Understand C Programs by Code Annotation},
  booktitle = {OpenCert'07, 1st Int. Workshop on Fondations and Techniques for Open Source Software Certification (collocated with ETAPS'07)},
  year =     {2007},
  editor =     {},
  month =     {Apr}
}

@InProceedings{CHLB07a,
  author =    {Elisabete Cunha and Pedro Rangel Henriques  and Sandra Lopes and Mario Béron},
  title =     {O Sitio de Pico, Software Educativo para Crianças con Paralisia Cerebral},
  booktitle = {IX Workshop de Investigadores en Ciencias de la Computación (WICC 2007), Argentina},
  year =     {2007},
  editor =     {},
  month =     {}
}

@InProceedings{BHVU06a,
  author =    {Mario Béron and Pedro Rangel Henriques  and Maria João Varanda and Roberto Uzal},
  title =     {Herramientas para la compresión de programas},
  booktitle = {VIII Workshop de Investigadores en Ciencias de la Computación (WICC 2006), Universidade de Morón, Bs. As., Argentina},
  year =     {2006},
  editor =     {},
  month =     {}
}

@InProceedings{BHVU06b,
  author =     {Mario Béron and Pedro Rangel Henriques  and Maria João Varanda and Roberto Uzal},
  title =     {Comprensión de Algoritmos de Ruteo},
  booktitle = {XXXII Conferencia Latinoamericana de Informática (CLEI 2006), Santiago de Chile},
  year =     {2006},
  editor =     {},
  month =     {}
}

@InProceedings{BHVUM06,
  author =     {Mario Béron and Pedro Rangel Henriques  and Maria João Varanda and Roberto Uzal and G. Montejano},
  title =      {A Language Processing Tool for Program Comprehension},
  booktitle =  {CACIC'06 - XII Argentine Congress on Computer Science},
  editor =     {Universidad Nacional de San Luis, Argentina},
  year =       {2006},
  month =      {Oct}
}

@InProceedings{BHVU08,
  author =     {Mario Béron and Pedro Rangel Henriques  and Maria João Varanda and Roberto Uzal},
  title =      {Simplificando la Comprensión de Programas a través de la Interconnexión de Dominios},
  booktitle =  {CACIC'08 - XIV Argentine Congress on Computer Science, Universidad Nacional de San Luis, Argentina},
  editor =     {Universidad Nacional de Chilecito, La Rioja, Argentina},
  year =       {2008},
  month =      {Oct}
}

@InProceedings{BHV06,
  author =     {Mario Béron and Pedro Rangel Henriques  and Maria João Varanda},
  title =     {A System for Evaluate and Understand Routing Algorithms},
  booktitle =     {Interacção'06, Universidade do Minho},
  year =     {2006},
  editor =     {},
  month =     {}
}

@InProceedings{BCVHU08,
  author =     {Mario Béron and Daniela da Cruz and Maria João Varanda and Pedro Rangel Henriques and Roberto Uzal},
  title =      {Evaluation Criteria of Software Visualization Systems used for Program Comprehension},
  booktitle =  {Interacção'08 -- 3ª Conferência Interacção Pessoa-Máquina},
  editor =     {Universidade de Évora},
  year =       {2008},
  month =      {Oct}
}

@InProceedings{BUHV08,
  author =    {Mario Berón and Roberto Uzal and Pedro Rangel Henriques and Maria João Varanda Pereira},
  title =     {Inspección de Código para relacionar los Dominios del Problema y Programa para la Comprensión de Programas},
  booktitle = {X Workshop de Investigadores en Ciencias de la Computación (WICC 2008), La Pampa, Argentina},
  publisher = {Facultad de Engeniería de la Universidad Nacional de la Pampa},
  year =     {2008},
  editor =     {UNLPam,RedUNCI},
  month =     {May}
}

@InProceedings{OVH05,
  author =    {Eva Oliveira and Maria João Varanda and Pedro Rangel Henriques},
  title =     {Compreensão de Aplicações Web: O Processo e as Ferramentas},
  booktitle = {CAPSI05 - Conferência da Associação Portuguesa de Sistemas de Informação, ESTiG Bragança},
  year =     {2005},
  month =     {October}
}

%> Proposta de um sistema para compreensão de aplicações web
@InProceedings{OHV06,
  author =    {Eva Oliveira and Pedro Rangel Henriques and Maria João Varanda },
  title =     {Proposta de um Sistema para Compreensão de Aplicações Web},
  booktitle = {CAPSI06 - Conferência da Associação Portuguesa de Sistemas de Informação, Univ. Aveiro},
  year =     {2007},
  month =     {January}
}

%>Analyzing the structure of scientific articles to improve information retrieval
@InProceedings{GH07b,
  author =    {Alda Gançarski and Pedro Rangel Henriques},
  title =     {Analyzing the structure of scientific articles to improve information retrieval},
  booktitle = {Proceedings of the Int. IADIS Conference on Applied Computing 2007 (IADIS AC07 - Salamanca, Spain)},
  year =      {2007},
  editor =    {Pedro Isaias and Nuno Mamede},
  month =     {Feb}
}

%>Using data together with metadata to improve xml information access
@InProceedings{GH07a,
  author =    {Alda Gançarski and Pedro Rangel Henriques},
  title =     {Using data together with metadata to improve XML information access},
  booktitle = {Proceedings of the Int. Conference on Web Information Systems and Technologies (WEBIST07 - Barcelona, Spain)},
  year =      {2007},
  editor =    {},
  month =     {Mar}
}

@InProceedings{GFH08,
  author =    {Alda Gançarski and Flávio Xavier Ferreira and Pedro Rangel Henriques},
  title =     {Using data together with metadata to improve XML information access},
  booktitle = {Proceedings of the 10th Int. Conference on Enterprise Information Systems (ICEIS'08)},
  address =   {Barcelona, Spain},
  year =      {2008},
  month =     {Jun}
}

@inproceedings{FGH08,
  author =  {Flávio Xavier Ferreira and Alda Lopes Gançarski and Pedro Rangel Henriques},
  title=    {Information access from XML using semantics and context: application to the Portuguese Emigration Museum},
  booktitle={CAPSI'08 -- 8ª Conferência da Associação Portuguesa de Sistemas de Informação},
  address=  {Setubal, Portugal},
  year=     {2008},
  month=    {Oct},
}

@InProceedings{FH08,
  author =    {Flávio Xavier Ferreira and Pedro Rangel Henriques},
  title =     {Using OWL to specify and build different views over the Emigration Museum resources},
  booktitle = {XATA08 --- {XML} : Aplicações e Tecnologias Associadas, Évora, Portugal},
  year =     {2008},
  month =     {February}
}

%> Navegando na rede semântica dos topic maps com o ulisses
@inproceedings{LPRH07,
  author={Giovani Rubert Librelotto
       and Renato Preigschadt de Azevedo
       and José Carlos Ramalho
       and Pedro Rangel Henriques},
  title={Navegando na Rede Semântica dos Topic Maps com o Ulisses},
  booktitle={XATA 2007 -  XML: Aplicações e Tecnologias Associadas (5ª Conferência Nacional)},
  year={2007},
  address={Lisboa - Portugal},
  month={Feb},
}

@inproceedings{LPRH07-TM,
  author={Giovani Rubert Librelotto
       and Renato Preigschadt de Azevedo
       and José Carlos Ramalho
       and Pedro Rangel Henriques},
  title={Topic Maps Constraint Specification Languages: comparing AsTMa!, OSL, and XTche},
  booktitle={Topic Maps 2007 -  The First International Topic Maps User Conference},
  year={2007},
  address={Oslo - Norway},
  month={Mar},
}

@inproceedings{LRHGT08,
  author={Giovani Rubert Librelotto
       and José Carlos Ramalho
       and Pedro Rangel Henriques
       and Jonas Bulegon Gassen
       and Rogério Corrêa Turchetti},
  title={A Framework to specify, extract and manage Topic Maps driven by ontologie},
  booktitle={SIGDPC'08 -- 26th ACM International Conference on Design of Communication},
  address={Lisboa, Portugal},
  year={2008},
  month={Sep},
}

@inproceedings{LGFSSAH08,
  author={Giovani Rubert Librelotto
       and Jonas Bulegon Gassen
       and Leandro O. Freitas
       and Matheus C. Silveira
       and Fábio L. Silva
       and Iara Augustin
       and Pedro Rangel Henriques},
  title={Uma Ontologia aplicada a um Ambiente Pervasivo Hospitalar},
  booktitle={CAPSI'08 -- 8ª Conferência da Associação Portuguesa de Sistemas de Informação},
  address={Setubal, Portugal},
  year={2008},
  month={Oct},
}

@InProceedings{LMMVRH08,
  author={Giovani Rubert Librelotto
       and Mirkos Martins
       and Henrique Machado
       and Juliana Vizzotto
       and José Carlos Ramalho
       and Pedro Rangel Henriques},
  title =     {Generating a Semantic Network for PubMed},
  booktitle = {XATA08 --- {XML} : Aplicações e Tecnologias Associadas, Évora, Portugal},
  year =     {2008},
  month =     {February}
}
%............2008.9.18
> LIBRELOTTO, Giovani R. ; AZEVEDO, R. P. ; GASSEN, Jonas ; RAMALHO, José
> Carlos ; HENRIQUES, Pedro Rangel . Visualização de Topic Maps com o Ulisses.
> Revista do CCEI, v. 12, p. 61-67, 2008.
>
> LIBRELOTTO, Giovani R. ; AZEVEDO, R. P. ; RAMALHO, José Carlos ; HENRIQUES,
> Pedro Rangel . Comparing Topic Maps Constraint Specification Languages.
> Lecture Notes in Computer Science, v. 4999, p. 86-97, 2008.
>
> LIBRELOTTO, Giovani R. ; RAMALHO, José Carlos ; HENRIQUES, Pedro Rangel .
> Representação de Conhecimento na Semantic Web. In: Antônio A. F. Loureiro;
> Marinho P. Barcellos. (Org.). XXV Congresso da Sociedade Brasileira de
> Computação: XXIV Jornadas de Atualização em Informática. : , 2005, v. , p.
> 1210-1261.
>
> LIBRELOTTO, Giovani R. ; GASSEN, Jonas ; RAMALHO, José Carlos ; HENRIQUES,
> Pedro Rangel . Using Web Services to put Metamorphosis on the Web. In:
> XXXIII Conferencia Latinoamericana de Informática, 2007, San José, Costa
> Rica. Anais da XXXIII Conferencia Latinoamericana de Informática, 2007.
>
> LIBRELOTTO, Giovani R. ; AZEVEDO, R. P. ; RAMALHO, José Carlos ; HENRIQUES,
> Pedro Rangel . Topic Maps Constraint Specification Languages: comparing
> AsTMa!, OSL, and XTche. In: The First International Topic Maps User
> Conference, 2007, Oslo, Norway. The First International Topic Maps User
> Conference, 2007.
>
> LIBRELOTTO, Giovani R. ; AZEVEDO, R. P. ; TURCHETTI, Rogério Correa ;
> RAMALHO, José Carlos ; HENRIQUES, Pedro Rangel . Implementing TMCL: XTche -
> a topic map schema and constraint specification language. In: XXXIII
> Conferencia Latinoamericana de Informática, 2007, San José, Costa Rica.
> Anais da XXXIII Conferencia Latinoamericana de Informática, 2007.
>
> LIBRELOTTO, Giovani R. ; FERREIRA, P. G. D. ; MARTINS, M. O. ; MACHADO, H.
> T. ; RAMALHO, José Carlos ; HENRIQUES, Pedro Rangel . Topic Maps applied to
> PubMed. In: Extreme Markup Languages 2007, 2007, Montreal, Canadá. Extreme
> Proceedings 2007, 2007.
>
> LIBRELOTTO, Giovani R. ; AZEVEDO, R. P. ; RAMALHO, José Carlos ; HENRIQUES,
> Pedro Rangel . Topic Maps Constraint Languages: understanding and comparing.
> In: Portuguese Conference on Artificial Intelligence, 2007, Guimarães,
> Portugal. New Trends in Artificial Intelligence. José Manuel Neves, Manuel
> Filipe Santos e José Manuel Machado (Eds.), 2007. v. 13.
>
%------------2008.09.18

%---------------------------------------
@Article{CHV08ja,
  author = {Daniela da Cruz and Pedro Rangel Henriques and Maria João Varanda},
  title = {Alma versus DDD},
  journal = {ComSIS -- Computer Science an Information Systems Journal, Special Issue on Compilers, Related Technologies and Applications},
  editor = {Ivan Lukovic and Simao Melo de Sousa (Guest Ed.)},
  publisher = {Faculty of Technical Sciences, Trg Dositeja Obradovica 6, 21000 Novi Sad, Serbia},
  year = {2008},
  month = {Dec},
  volume = {5},
  number = {2},
  pages = {119-136},
  note = {ISSN: 1820-0214}
}

@Article{FPCH08jb,
  author =    {Elisabete Ferreira and Rogério Paulo and Daniela da Cruz and Pedro Rangel Henriques},
  title =     {Integration of the {ST} Language in a Model-Based Engineering Environment for Control Systems -- An Approach for Compiler Implementation},
  journal = {ComSIS -- Computer Science an Information Systems Journal, Special Issue on Compilers, Related Technologies and Applications},
  editor = {Ivan Lukovic and Simao Melo de Sousa (Guest Ed.)},
  publisher = {Faculty of Technical Sciences, Trg Dositeja Obradovica 6, 21000 Novi Sad, Serbia},
  year = {2008},
  month = {Dec},
  volume = {5},
  number = {2},
  pages = {87-101},
  note = {ISSN: 1820-0214}
}

@Article{PMCH08j,
  author =    {Maria João Varanda Pereira and Marjan Mernik and Daniela da Cruz and Pedro Rangel Henriques},
  title =     {Program Comprehension for Domain-Specific Languages (invited paper)},
  journal = {ComSIS -- Computer Science an Information Systems Journal, Special Issue on Compilers, Related Technologies and Applications},
  editor = {Ivan Lukovic and Simao Melo de Sousa (Guest Ed.)},
  publisher = {Faculty of Technical Sciences, Trg Dositeja Obradovica 6, 21000 Novi Sad, Serbia},
  year = {2008},
  month = {Dec},
  volume = {5},
  number = {2},
  pages = {1-17},
  note = {ISSN: 1820-0214}
}

@Article{CHV07,
  author = {Daniela da Cruz and Pedro Rangel Henriques and Maria João Varanda},
  title = {Constructing program animations using a pattern-based approach},
  journal = {ComSIS -- Computer Science an Information Systems Journal, Special Issue on Advances in Programming Languages},
  editor = {Ivan Lukovic and Marjan Mernik (Guest Ed.)},
  publisher = {Faculty of Technical Sciences, Trg Dositeja Obradovica 6, 21000 Novi Sad, Serbia},
  year = {2007},
  month = {Dec},
  volume = {4},
  number = {2},
  pages = {97-114},
  note = {ISSN: 1820-0214}
}

@InProceedings{CPH07f,
    author =    {Daniela da Cruz and Maria João Varanda Pereira and Pedro Rangel Henriques},
    title =     {Pattern-based Program Visualization},
    booktitle = {1st Workshop on Advances in Programming Languages, WAPL'07 --- evento satélite da
             \textsf{International Multiconference on Computer Science and Information Technology, IMCSIT'07} --- Wisla, Polónia},
    year =      {2007},
    editor =    {},
    month =     {Oct},
    }

@InProceedings{CH07g,
  author =    {Daniela da Cruz and Pedro Rangel Henriques},
  title =     {Slicing wxHaskell modules to derive the User Interface Abstract Model (short paper and poster)},
  booktitle = {WAPL'07 ---1st Workshop on Applications of Programming Languages,
               a satellite event of \textsf{International Multiconference on Computer Science and Information Technology, IMCSIT'07}, Wisla, Poland},
  year =     {2007},
  month =     {October}
}
@InProceedings{CH07h,
  author =    {Daniela da Cruz and Pedro Rangel Henriques},
  title =     {{XLS} --- {XTDL} Laboratory Site (poster)},
  booktitle = {Extreme Markup Languages'07, Montreal, Canada},
  year =     {2007},
  month =     {August}
}

@InProceedings{FCHV08,
  author =    {Ruben Fonseca and Daniela da Cruz and Pedro Henriques and Maria João Varanda Pereira},
  title =     {How to interconnect operational and behavioral views of web applications},
  booktitle = {ICPC'08 - 16th International Conference on Program Comprehension},
  publisher = {Amsterdam, Holanda},
  year =     {2008},
  editor =     {IEEE},
  month =     {June}
}

@InProceedings{CHP08i,
  author =    {Daniela da Cruz and Pedro Rangel Henriques and Maria João Varanda Pereira},
  title =     {Strategies for Program Inspection and Visualization},
  booktitle = {CSE --- International Scientific Conference on Computer Science and Engineering, High Tatras - Stará Lesná, Slovakia},
  year =     {2008},
  month =     {September}
}
%---------------------------------------
@InProceedings{CH07a,
  author =    {Daniela da Cruz and Pedro Rangel Henriques},
  title =     {{XTDL} - {XML} {T}ool {D}efinition {L}anguage},
  booktitle = {XML: Aplicações e Tecnologias Associadas, XATA'07, Lisboa, Portugal},
  year =     {2007},
  month =     {February}
}

@InProceedings{CLH07c,
    author =    {Daniela da Cruz and Sandra Cristina Lopes and Pedro Rangel Henriques},
    title =     {Como ensinar com Mapas de Conceitos: duas abordagens complementares},
    booktitle = {Challenges'07, Universidade do Minho --- Braga, Portugual},
    year =      {2007},
    editor =    {},
    month =     {Mai},
    }

@InProceedings{CH07d,
    author =    {Daniela da Cruz and Pedro Rangel Henriques},
    title =     {LISS --- The language and the compiler},
    booktitle = {Proceedings of the 1.st Conference on Compiler Related Technologies and Applications, CoRTA'07 ---
             Universidade da Beira Interior, Portugal},
    year =      {2007},
    editor =    {},
    month =     {Jul},
    }

@InProceedings{CFPBH07d,
  author =    {Daniela da Cruz and Rúben Fonseca and Maria João Varanda Pereira and Mário Béron and Pedro Rangel Henriques},
  title =     {Comparing Generators for Language-based Tools},
  booktitle = {CoRTA-07 - Compiler Related Techonlogies and Applications, Covilhã, Portugual},
  year =     {2007},
  month =     {July}
}
%-.-.-.-.-.-.-.-.-.-.-.-.-.-.-.
@InProceedings{CHP08a,
  author =    {Daniela da Cruz and Pedro Rangel Henriques and Maria João Varanda Pereira},
  title =     {Exploring and Visualizing the "alma" of {XML} Documents},
  booktitle = {XATA08 --- {XML} : Aplicações e Tecnologias Associadas, Évora, Portugal},
  year =     {2008},
  month =     {February}
}

@InProceedings{CHP08b,
  author =    {Daniela da Cruz and Pedro Rangel Henriques and Maria João Varanda Pereira},
  title =     {Alma vs {DDD}},
  booktitle = {CoRTA08 --- Compilers, Related Technologies and Applications, Bragança, Portugal},
  year =     {2008},
  month =     {July}
}

@InProceedings{CPH08c,
  author =    {Daniela da Cruz and Jorge Sousa Pinto and Pedro Rangel Henriques},
  title =     {Properties Preservation during Transformation (short paper)},
  booktitle = {CoRTA08 --- Compilers, Related Technologies and Applications, Bragança, Portugal},
  year =     {2008},
  month =     {July},
  annote = {Repositorium,  ID: http://hdl.handle.net/1822/8106}
}

@InProceedings{FPCH08d,
  author =    {Elisabete Ferreira and Rogério Paulo and Daniela da Cruz and Pedro Rangel Henriques},
  title =     {Integration of the {ST} Language in a Model-Based Engineering Environment for Control Systems ---
An Approach for Compiler Implementation},
  booktitle = {CoRTA08 --- Compilers, Related Technologies and Applications, Bragança, Portugal},
  year =     {2008},
  month =     {July}
}

@InProceedings{PMCH08e,
  author =    {Maria João Varanda Pereira and Marjan Mernik and Daniela da Cruz and Pedro Rangel Henriques},
  title =     {Visual{LISA}: a Visual Interface for an Attribute Grammar based Compiler-Compiler (short paper)},
  booktitle = {CoRTA08 --- Compilers, Related Technologies and Applications, Bragança, Portugal},
  year =     {2008},
  month =     {July}
}

@InProceedings{PMCH08f,
  author =    {Maria João Varanda Pereira and Marjan Mernik and Daniela da Cruz and Pedro Rangel Henriques},
  title =     {Program Comprehension for Domain-Specific Languages},
  booktitle = {CoRTA08 --- Compilers, Related Technologies and Applications, Bragança, Portugal},
  year =     {2008},
  month =     {July}
}
%%%%...........................
@InProceedings{CHP09a,
  author =    {Daniela da Cruz and Pedro Henriques and Jorge Sousa Pinto},
  title =     {Code Analysis: Past and Present},
  booktitle = {Proceedings of the Third Int. Workshop on Foundations and Techniques for Open Source Software Certification (OpenCert 2009)},
  editor =     {Luis Barbosa and Antonio Cerone and Siraj Shaikh (Guest Eds.)},
  publisher = {Electronic Communications of the EASST},
  Volume = {X (2009)},
  year =     {2009},
  month =     {March},
  note = {ISSN: 1863-2122}
}

@InProceedings{OPCH09a,
  author =    {Nuno Oliveira and Maria João Varanda Pereira and Daniela da Cruz and Pedro Rangel Henriques},
  title =     {Visualization of Domain-Specific Programs' Behavior},
  booktitle = {Proceedings of VISSOFT'09 --- 5th IEEE International Workshop on Visualizing Software for Understanding and Analysis,
               Edmonton, Canada},
  pages     = {37 --- 40},
  publisher = {IEEE Computer Society},
  year =     {2009},
  month =     {Sept}
}

@inproceedings{oliveira09b,
   title     = {Applying Program Comprehension Techniques to Karel Robot Programs},
   author    = {Oliveira, Nuno and and Henriques, Pedro Rangel and
            da Cruz, Daniela and Pereira, Maria João Varanda and
            Mernik, Marjan and Kosar, Tomaz and Crepinsek, Matej},
   booktitle = {Proceedings of the International Multiconference on Computer Science and Information Technology -- 2nd Workshop on Advances in Programming Languages (WAPL'2009)},
   pages     = {697 --- 704},
   publisher = {IEEE Computer Society Press},
   address   = {Mragowo, Poland},
   year      = {2009},
   month     = {October},
}

@inproceedings{oliveira09c,
   title     = {VisualLISA: Visual Programming Environment for Attribute Grammars Specification},
   author    = {Oliveira, Nuno and and Henriques, Pedro Rangel and da Cruz, Daniela and Pereira, Maria João Varanda},
   booktitle = {Proceedings of the International Multiconference on Computer Science and Information Technology -- 2nd Workshop on Advances in Programming Languages (WAPL'2009)},
   pages     = {689 -- 696},
   publisher = {IEEE Computer Society Press},
   address   = {Mragowo, Poland},
   year      = {2009},
   month     = {October},
}
@inproceedings{kosar09,
   title     = {Influence of domain-specific notation to program understanding},
   author    = {Kosar, Tomaz and Mernik, Marjan and Crepinsek, Matej
               and Henriques, Pedro Rangel and da Cruz, Daniela and
               Pereira, Maria João Varanda and Oliveira, Nuno},
   booktitle = {Proceedings of the International Multiconference on Computer Science and Information Technology -- 2nd Workshop on Advances in Programming Languages (WAPL'2009)},
   pages     = {673 --- 680},
   publisher = {IEEE Computer Society Press},
   address   = {Mragowo, Poland},
   year      = {2009},
   month     = {October},
}

@inproceedings{FCHGD09a,
  author =  {Flávio Xavier Ferreira and Daniela da Cruz and Pedro Rangel Henriques and Alda Lopes Gançarski and Bruno Defude},
  title=    {A Query-by-Example Approach for XML Querying},
  booktitle={CISTI'09 --- 4ªConferência Ibérica em Sistemas e Tecnologias da Informação
  (WSIAI'09 -- Workshop em Sistemas Inteligentes e Aplicações)},
  editor =     {Álvaro Rocha and Francisco Restivo and Luís Paulo Reis and Sofia Torrão},
  pages = {611-614},
  address=  {Póvoa do Varzim, Portugal},
  year=     {2009},
  month=    {Jun},
}

@inproceedings{ORH09a,
  author =  {Paulo Jorge Oliveria and Maria de Fátima Rodrigues and Pedro Rangel Henriques},
  title=    {SMARTCLEAN: uma ferramenta para a limpeza incremental de dados},
  booktitle={CISTI'09 --- 4ªConferência Ibérica em Sistemas e Tecnologias da Informação
  (WSIAI'09 -- Workshop em Sistemas Inteligentes e Aplicações)},
  editor =     {Álvaro Rocha and Francisco Restivo and Luís Paulo Reis and Sofia Torrão},
  pages = {621-626},
  address=  {Póvoa do Varzim, Portugal},
  year=     {2009},
  month=    {Jun},
}
@inproceedings{LPH09a,
  author =  {Giovani Rubert Librelotto and Rafael Teodósio Pereira and Pedro Rangel Henriques},
  title=    {Uma metodologia para Consultas aos Bancos de Dados do NCBI},
  booktitle={CISTI'09 --- 4ªConferência Ibérica em Sistemas e Tecnologias da Informação},
  editor =     {Álvaro Rocha and Francisco Restivo and Luís Paulo Reis and Sofia Torrão},
  pages = {103-108},
  address=  {Póvoa do Varzim, Portugal},
  year=     {2009},
  month=    {Jun},
}

@Article{LARH09,
 author={Giovani Rubert Librelotto
       and Renato Preigschadt de Azevedo
       and José Carlos Ramalho
       and Pedro Rangel Henriques},
  title = {Topic Maps Constraint Languages: understanding and comparing},
  journal = {Int. Journal Reasoning-based Intelligent Systems},
  editor = {},
  publisher = {Inderscience Entreprises, Ltd.},
  year = {2009},
  month = {Jun},
  volume = {1},
  number = {3/4},
  pages = {173-181},
  note = {ISSN: }
}

@inproceedings{OPHC09a,
   author    = {Nuno Oliveira and Maria João Varanda Pereira and
                Pedro Rangel Henriques and Daniela da Cruz},
   title     = {Domain Specific Languages: A Theoretical Survey},
   booktitle = {INForum'09 --- Simpósio de Informática},
   publisher = {Faculdade de Ciências da Universidade de Lisboa},
   address   = {Lisboa, Portugal},
   pages     = {35 --- 46},
   year      = {2009},
   month     = {September}
}

@inproceedings{OPHCC09,
   author    = {Nuno Oliveira and Maria João Varanda Pereira and
               Pedro Rangel Henriques and Daniela da Cruz and Bastian Cramer},
   title     = {{VisualLISA}: A Domain Specific Visual Language for Attribute Grammars},
   booktitle = {INForum'09 --- Simpósio de Informática},
   publisher = {Faculdade de Ciências da Universidade de Lisboa},
   address   = {Lisboa, Portugal},
   pages     = {155 --- 167},
   year      = {2009},
   month     = {September},
}

@inproceedings{MKCHCPO09,
   author    = {Marjan Mernik and Tomaz Kosar and Matej Crepinsek
               and Pedro Rangel Henriques and Daniela da Cruz and
               Maria João Varanda Pereira and Nuno Oliveira },
   title     = {Comparison of XAML and C\# Forms using Cognitive Dimensions Framework},
   booktitle = {INForum'09 --- Simpósio de Informática},
   publisher = {Faculdade de Ciências da Universidade de Lisboa},
   address   = {Lisboa, Portugal},
   pages     = {180 --- 191},
   year      = {2009},
   month     = {September}
}

@inproceedings{OHCP09,
   author    = {Nuno Oliveira and Pedro Rangel Henriques and Daniela da Cruz and Maria João Varanda Pereira},
   title     = {XAGra - An XML Dialect for Attribute Grammars},
   publisher = {Faculdade de Ciências da Universidade de Lisboa},
   booktitle = {INForum'09 --- Simpósio de Informática},
   address   = {Lisboa, Portugal},
   pages     = {409 --- 420},
   year      = {2009},
   month     = {September}
}

@inproceedings{FCHGD09b,
   author =  {Daniela da Cruz and Flávio Xavier Ferreira and Pedro Rangel Henriques and Alda Lopes Gançarski and Bruno Defude},
   title=    {GuessXQ, an inference Web-engine for querying XML Documents},
   publisher = {Faculdade de Ciências da Universidade de Lisboa},
   booktitle = {INForum'09 --- Simpósio de Informática},
   address   = {Lisboa, Portugal},
   pages     = {322 -- 325},
   year      = {2009},
   month     = {September}
}
%
@InProceedings{BHVU09,
   author = {Mario Béron and Pedro Rangel Henriques and Maria João Varanda Pereira and Roberto Uzal},
   title = {Instrumentaciones de Programas Escritos en C para Interrelacionar las Vistas Comportamental y Operacional de los Sistemas de Software},
   booktitle = {CACIC'09 - XV Argentine Congress on Computer Science},
   editor = {Universidad Nacional de Jujuy, Argentina},
   year = {2009},
   month = {Oct}
}

@article{CBHP09,
  author = {Daniela da Cruz and Mario Béron and Pedro Rangel Henriques and Maria João Varanda Pereira},
  title = {Code Inspection Approaches for Program Visualization},
  journal = {Acta Electrotechnica et Informatica},
  editor = {Linus Michaeli},
  publisher = {Faculty of Electrical Engineering and Informatics, Technical University of Kosice, Slovakia},
  year = {2009},
  month = {Jul-Sep},
  volume = {9},
  number = {3},
  pages = {32-42},
  note = {ISSN: 1335-8243}
}

@misc{cruz09,
   author    = {Daniela da Cruz and Nuno Oliveira and Pedro Rangel Henriques},
   title     = {GraAL - A Grammar Analyzer},
   publisher = {Faculdade de Ciências da Universidade de Lisboa},
   year      = {2009},
   month     = {September},
   address   = {Lisbon, Portugal},
   note = {Available at: url{http://inforum.org.pt/INForum2009/programa}},
}

@inproceedings{CH09d,
   address   = {Milan, Italy},
   author    = {Daniela da Cruz and Pedro Henriques },
   booktitle = {ICEIS --- 11th International Conference on Enterprise Information Systems},
   title     = {Assessing Databases in .Net: comparing approaches},
   year      = {2009},
   month     = {May}
}

%~~~~~~~~~~~~~~~~~~~~~~~~~~~~~~~~~~~~~~~~~~~~~~~~~~~~~~~~~~~~~~~~~~~~~~~~~~~~~~~~~~~~~~~~~~~~~~~~~~~~~~~~~~~~~~~~
@INBOOK{CH09,
  AUTHOR =       {Daniela da Cruz, and Pedro Rangel Henriques},
  editor =       {D. M. Akbar Hussain},
  TITLE =        {Advances in Computer Science and IT},
  CHAPTER =      {Slicing techniques to derive the User Interface Abstract Model},
  pages =        {249-276},
  PUBLISHER =    {In-Teh},
  YEAR =         {2009},
  month =        {December}
}

@InProceedings{CH2010a,
  author =       {Daniela da Cruz and Pedro Rangel Henriques},
  title =        {Exploring, Visualizing and Slicing the Soul of XML Documents},
  booktitle =    {Proceedings of 25th Symposium On Applied Computing - Document Engineering (SAC-DE)},
  year =         {2010},
}

@InProceedings{CHP2010a,
  author =    {Daniela da Cruz and Pedro Rangel Henriques and Jorge Sousa Pinto},
  title =     {{G}ama{S}licer: an {O}nline {L}aboratory for {P}rogram {V}eri cation and {A}nalysis},
  booktitle = {LDTA2010 --- Language Descriptions, Tools and Applications, Paphos, Cyprus},
  year =     {2010},
  month =     {March},
  annote = {Repositorium,  ID: }
}

@Article{OPHCC2010,
  author =    {Nuno Oliveira and Maria João Varanda Pereira and Pedro Rangel Henriques and Daniela da Cruz and Bastian Cramer},
  title =     {VisualLISA: A Visual Environment to Develop Attribute Grammars},
  journal = {ComSIS -- Computer Science an Information Systems Journal,
              Special issue on Advances in Languages, Related Technologies and Applications},
  editor = {Botjan Slivnik and António Menezes Leitão (Guest Ed.)},
  publisher = {ComSIS Consortium, 21000 Novi Sad, Serbia},
  pages = {266 -- 289},
  month = {May},
  volume = {7},
  number = {2},
  issn = {  ISSN: 1820-0214}
}

@Article{KOMPCCH2010,
  author =    {Tomaz Kosar and Nuno Oliveira and Marjan Mernik and Maria João Varanda Pereira and Matej Crepinsek and
Daniela da Cruz and Pedro Rangel Henriques},
  title =     {Comparing General-Purpose and Domain-Specific Languages: An Empirical Study},
  journal = {ComSIS -- Computer Science an Information Systems Journal,
              Special issue on Advances in Languages, Related Technologies and Applications},
  editor = {Botjan Slivnik and António Menezes Leitão (Guest Ed.)},
  publisher = {ComSIS Consortium, 21000 Novi Sad, Serbia},
  pages = {248 -- 264},
  year = {2010},
  month = {May},
  volume = {7},
  number = {2},
  issn = {  ISSN: 1820-0214}
}

@InProceedings{BUHV10a,
  author =    {Mario Berón and Roberto Uzal and Pedro Rangel Henriques and Maria João Varanda Pereira},
  title =     {Estrategias para Facilitar la Comprensión de Programas},
  booktitle = {XII Workshop de Investigadores en Ciencias de la Computación (WICC 2010), Calafate, provincia de Santa Cruz, Argentina},
  publisher = {Universidad Nacional de la Patagonia San Juan Bosco},
  year =     {2010},
  editor =     {UNLPaSJB,RedUNCI},
  month =     {May}
}

@inproceedings{FCCGH10a,
   author =  {Daniela Fonte and Pedro Carvalho and Daniela da Cruz and Alda Lopes Gançarski and Pedro Rangel Henriques},
   title=    {XML Archive for Testing: a Benchmark for GuessXQ},
   booktitle = {XATA'10 --- {XML} : Aplicações e Tecnologias Associadas},
   editors   = {Alberto Simões and Daniela da Cruz and José Carlos Ramalho},
   publisher = {ESEI - IPP},
   address   = {Vila do Conde, Portugal},
   pages     = {127 -- 138},
   year      = {2010},
   month     = {May},
   isbn      = {978-972-99166-9-4}
}
@inproceedings{FCGH10a,
   author =  {Daniela Fonte and Daniela da Cruz and Alda Lopes Gançarski and Pedro Rangel Henriques},
   title=    {GuessXQ},
   booktitle = {Interacção'10 --- },
   editors   = {},
   publisher = {Universidade de Aveiro},
   address   = {Aveiro, Portugal},
   pages     = {},
   year      = {2010},
   month     = {Oct},
   isbn      = {}
}


@InProceedings{CHP2010b,
  author =    {José Bernardo Barros and Daniela da Cruz and Pedro Rangel Henriques and Jorge Sousa Pinto},
  title =     {Assertion-based Slicing and Slice Graphs},
  booktitle = {SEFM'10  --- 8th IEEE International Conference on Software Engineering and Formal Methods },
  address   = {Pisa, Italy},
   pages     = {},
   year      = {2010},
   month     = {Sept},
  annote = {Repositorium,  ID: }
}

@InProceedings{CHP2010c,
  author =    {Daniela da Cruz and Pedro Rangel Henriques and Jorge Sousa Pinto},
  title =     {Contract-based Slicing},
  booktitle = {FLACOS'10  --- Fourth Workshop on Formal Languages and Analysis of Contract-Oriented Software (co-located with SEFM'10)},
  address   = {Pisa, Italy},
   pages     = {},
   year      = {2010},
   month     = {Sept},
  annote = {Repositorium,  ID: }
}

@InProceedings{CHP2010d,
  author =    {Daniela da Cruz and Pedro Rangel Henriques and Jorge Sousa Pinto},
  title =     {A tool to verify, slice and animate annotated components: GamaSlicer (tool-demo)},
  booktitle = {SEFM'10  --- 8th IEEE International Conference on Software Engineering and Formal Methods },
  address   = {Pisa, Italy},
   pages     = {},
   year      = {2010},
   month     = {Sept},
  annote = {Repositorium,  ID: }
}

@InProceedings{CHP2010e,
  author =    {Sérgio Areias and Daniela da Cruz and Pedro Rangel Henriques and Jorge Sousa Pinto},
  title =     {Safe Integration of Annotated Components in Open Source Projects},
  booktitle = {OpenCert'10  --- Fourth International Workshop on Foundations and Techniques for Open Source Software Certification (co-located with SEFM'10)},
  address   = {Pisa, Italy},
  editor =     {Luis Barbosa and Antonio Cerone and Siraj Shaikh (Guest Eds.)},
  publisher = {Electronic Communications of the EASST},
   pages     = {},
   year      = {2010},
   month     = {Sept},
  annote = {Repositorium,  ID: }
}
@InProceedings{CHP2010f,
  author =    {Daniela da Cruz and Pedro Rangel Henriques and Jorge Sousa Pinto},
  title =     {Contract-based Slicing},
  booktitle = {ISoLA'10  --- Fourth International Symposium On Leveraging Applications of Formal Methods, Verification and Validation (FLDVES track)},
  address   = {Creta, Greece},
   pages     = {},
   year      = {2010},
   month     = {Oct},
  annote = {Repositorium,  ID: }
}

@inproceedings{ORHB10a,
   author    = {Nuno Oliveira and Nuno Rodrigues and Pedro Rangel Henriques and Luís Soares Barbosa},
   title     = {Pattern Language for Architectural Analysis},
   booktitle = {SBLP'10 --- Simpósio Brasileiro de Linguagens de Programação},
   publisher = {}
   address   = {Salvador, Brasil},
   pages     = {},
   year      = {2010},
   month     = {Sep}
}
@inproceedings{ORH10a,
   author    = {Nuno Oliveira and Nuno Rodrigues and Pedro Rangel Henriques},
   title     = {Domain-Specific Language for Coordination Patterns},
   booktitle = {INForum'10 --- Simpósio de Informática (CoRTA2010 track)},
   editor =     {Luis S. Barbosa and Miguel P. Correia},
   publisher = {Universidade do Minho},
   address   = {Braga, Portugal},
   pages     = {125 --- 136},
   year      = {2010},
   month     = {September}
}

@inproceedings{CHP10g,
   author    = {Sérgio Areias and Daniela da Cruz and Pedro Rangel Henriques and Jorge Sousa Pinto},
   title     = {GammaPolarSlicer, a Contract-based Tool to help on Reuse},
   booktitle = {INForum'10 --- Simpósio de Informática (CoRTA2010 track)},
   editor =     {Luis S. Barbosa and Miguel P. Correia},
   publisher = {Universidade do Minho},
   address   = {Braga, Portugal},
   pages     = {137--148},
   year      = {2010},
   month     = {September}
}

@inproceedings{alsCH10a,
   author    = {MI-students and Daniela da Cruz and Pedro Rangel Henriques},
   title     = {AGile - A structured-editor, analyzer, metric-evaluator and transformer for Attribute Grammars},
   booktitle = {INForum'10 --- Simpósio de Informática (CoRTA2010 track)},
   editor =     {Luis S. Barbosa and Miguel P. Correia},
   publisher = {Universidade do Minho},
   address   = {Braga, Portugal},
   pages     = {197--200},
   year      = {2010},
   month     = {September}
}
@inproceedings{ASHC10a,
   author    = {Hugo Areias and Alberto Simões and Pedro Rangel Henriques and Daniela da Cruz},
   title     = {Parser Generation in Perl: an overview and a n},
   booktitle = {INForum'10 --- Simpósio de Informática (CoRTA2010 track)},
   editor =     {Luis S. Barbosa and Miguel P. Correia},
   publisher = {Universidade do Minho},
   address   = {Braga, Portugal},
   pages     = {209--212},
   year      = {2010},
   month     = {September}
}

@inproceedings{LCPHea10a,
  author={Giovani Rubert Librelotto
       and Heleno C. B. Cabral
       and  Rafael T. Pereira
       and Pedro Rangel Henriques
       and Marialva Sinigaglia
       and  Mauro A. A. Castro
       and  Eder Simão
       and  José Carlos Merino Mombach},
  title={Uma Integração de Dados sobre Vias Metabólicas relativas ao Câncer: a ontologia Ontocancro},
  booktitle={CAPSI'10 -- 10ª Conferência da Associação Portuguesa de Sistemas de Informação},
  address={V.Castelo, Portugal},
  year={2010},
  month={Oct},
}

@InProceedings{BPOC10b,
  author =    {Mario Berón and Maria João Varanda Pereira and  Nuno Oliveria and Daniela da Cruz},
  title =     {SVS, BORS, SVSi: Three Strategies to relate Problem and Program Domains (poster)},
  booktitle = {ICPC'10 - 18th International Conference on Program Comprehension, Braga, Portugal},
  editor =     {Giulio Antoniol and Keith Gallagher and Pedro Rangel Henriques},
  year =     {2010},
  month =     {June},
  pages = {},
  doi = {http://dx.doi.org/10.1109/ICPC.2010.44},
  publisher = {IEEE Computer Society},
  address = {Washington, DC, USA},
  isbn = {978-0-7695-4113-6},
}

@InProceedings{OPCB10b,
  author =    {Nuno Oliveria and  Maria João Varanda Pereira and  Daniela da Cruz and Mario Berón},
  title =     {Influence of Synchronized Domain Visualizations on Program Comprehension (Working Session)},
  booktitle = {ICPC'10 - 18th International Conference on Program Comprehension, Braga, Portugal},
  editor =     {Giulio Antoniol and Keith Gallagher and Pedro Rangel Henriques},
  year =     {2010},
  month =     {June},
  pages = {},
  doi = {http://dx.doi.org/10.1109/ICPC.2010.44},
  publisher = {IEEE Computer Society},
  address = {Washington, DC, USA},
  isbn = {978-0-7695-4113-6}
}

@InProceedings{ACP10a,
  author =    {Sérgio Areias and Daniela da Cruz and Jorge Sousa Pinto},
  title =     {Contract-based Slicing helps on safety Reuse (poster)},
  booktitle = {ICPC'10 - 18th International Conference on Program Comprehension, Braga, Portugal},
  editor =     {Giulio Antoniol and Keith Gallagher and Pedro Rangel Henriques},
  year =     {2010},
  month =     {June},
  pages = {},
  doi = {http://dx.doi.org/10.1109/ICPC.2010.44},
  publisher = {IEEE Computer Society},
  address = {Washington, DC, USA},
  isbn = {978-0-7695-4113-6}
}
