@conference{gousios2007software,
  title={{Software quality assesment of open source software}},
  author={Gousios, G. and Karakoidas, V. and Stroggylos, K. and Louridas, P. and Vlachos, V. and Spinellis, D.},
  booktitle={Proceedings of the 11th Panhellenic Conference on Informatics},
  year={2007},
  organization={Citeseer}
}

@phdthesis{hofer2010evaluating,
  title={{Evaluating Static Source Code Analysis Tools}},
  author={Hofer, T.},
  year={2010},
  school={{\'E}cole Polytechnique F{\'e}d{\'e}rale de Lausanne}
}

@book{kan2002metrics,
  title={{Metrics and models in software quality engineering}},
  author={Kan, S.H.},
  year={2002},
  publisher={Addison-Wesley Longman Publishing Co., Inc. Boston, MA, USA}
}

@article{marchenko2007predicting,
  title={{Predicting software defect density: a case study on automated static code analysis}},
  author={Marchenko, A. and Abrahamsson, P.},
  journal={Agile Processes in Software Engineering and Extreme Programming},
  pages={137--140},
  year={2007},
  publisher={Springer}
}

@inproceedings{1174114,
  author = {Dennis Strein and Hans Kratz and Welf Lowe},
  title = {Cross-Language Program Analysis and Refactoring},
  booktitle = {SCAM '06: Proceedings of the Sixth IEEE International Workshop on Source Code Analysis and Manipulation},
  year = {2006},
  isbn = {0-7695-2353-6},
  pages = {207--216},
  doi = {http://dx.doi.org/10.1109/SCAM.2006.10},
  publisher = {IEEE Computer Society},
  address = {Washington, DC, USA},
}

@misc{binkley-animated,
  author = "David Binkley and Mark Harman and Jens Krinke",
  title = "Animated Visualisation of Static Analysis: Characterising, Explaining and Exploiting the Approximate Nature of Static Analysis",
  url = "citeseer.ist.psu.edu/754774.html" 
}

@inproceedings{1254713,
  author = {David Binkley},
  title = {Source Code Analysis: A Road Map},
  booktitle = {FOSE '07: 2007 Future of Software Engineering},
  year = {2007},
  isbn = {0-7695-2829-5},
  pages = {104--119},
  doi = {http://dx.doi.org/10.1109/FOSE.2007.27},
  publisher = {IEEE Computer Society},
  address = {Washington, DC, USA},
}

@incollection{Curtis81a,
  AUTHOR = {B. Curtis},
  TITLE = {Chapter 12 -- The measurement of software quality and complexity},
  BOOKTITLE = {Software Metrics: An Analysis and Evaluation},
  EDITOR = {Alan J. Perlis and Frederick Sayward and Mary Shaw},
  PUBLISHER = {MIT-Press},
  year = 1981,
  month = May,
  ISBN = "978-0-262-16083-4"
}

@book{Perlisea81a,
    author = {Alan J. Perlis and Frederick Sayward and Mary Shaw},
    title = {Software Metrics: An Analysis and Evaluation},
    year = 1981,
    month = May,
    edition = {},
    publisher = {MIT-Press},
    ISBN = "978-0-262-16083-4"
}
